@article{baker500ScientistsLift2016,
  title = {1,500 Scientists Lift the Lid on Reproducibility},
  author = {Baker, Monya},
  year = {2016},
  month = may,
  journal = {Nature},
  volume = {533},
  number = {7604},
  pages = {452--454},
  publisher = {{Nature Publishing Group}},
  issn = {1476-4687},
  doi = {10.1038/533452a},
  abstract = {Survey sheds light on the `crisis' rocking research.},
  copyright = {2016 Nature Publishing Group},
  langid = {english},
  keywords = {cds-book,Peer review,Publishing,Research management},
  file = {/home/dominic/Zotero/storage/RLXHCPJ9/Baker_2016_1,500 scientists lift the lid on reproducibility.pdf}
}
